 @manual{xmlspec,
 title = {XML 1.0},
 address = {http://www.w3.org/TR/REC-xml/},
 }
 @manual{xhtml,
 title = {XHTML Schema},
 address = {http://www.w3.org/TR/xhtml1-schema/},
 }
 @manual{xom,
 title = {XOM},
 address = {http://www.xom.nu/},
 }
 @manual{xerces,
 title = {Xerces2J},
 address = {https://xerces.apache.org/xerces2-j/},
 }
 @manual{pin,
 title = {Intel PIN},
 address = {https://software.intel.com/en-us/articles/pin-a-dynamic-binary-instrumentation-tool/},
 }
 @INPROCEEDINGS{Luk05pin:building,
    author = {Chi-keung Luk and Robert Cohn and Robert Muth and Harish Patil and Artur Klauser and Geoff Lowney and Steven Wallace and Vijay Janapa and Reddi Kim Hazelwood},
    title = {Pin: building customized program analysis tools with dynamic instrumentation},
    booktitle = {In PLDI ’05: Proceedings of the 2005 ACM SIGPLAN conference on Programming language design and implementation},
    year = {2005},
    pages = {190--200},
    publisher = {ACM Press}
}
 @manual{gcov,
 title = {GNU gcov},
 address = {https://gcc.gnu.org/onlinedocs/gcc/Gcov.html},
 }
 @INPROCEEDINGS{Nethercote03valgrind:a,
    author = {Nicholas Nethercote and Julian Seward},
    title = {Valgrind: A program supervision framework},
    booktitle = {In Third Workshop on Runtime Verification (RV’03},
    year = {2003}
}
 @manual{zmq,
 title = {ZeroMQ},
 address = {http://zeromq.org/},
 }
 @manual{rabbitmq,
 title = {RabbitMQ},
 address = {http://www.rabbitmq.com/},
 }
 @manual{nanomsg,
 title = {nanomsg},
 address = {http://nanomsg.org/},
 }
 @manual{msgpack,
 title = {MessagePack},
 address = {http://msgpack.org/},
 }
 
 @manual{xml,
 title = {XML},
 address = {http://www.w3.org/XML/},
 }
 @manual{xsd,
 title = {XML Schema},
 address = {http://www.w3.org/XML/Schema},
 }
 
 @manual{visual,
 title = {Visual Studio},
 address = {http://msdn.microsoft.com/en-us/library/cc716766.aspx},
 } 
 @manual{oxygen,
 title = {oXygen},
 address = {http://www.oxygenxml.com/xml\_editor/xml\_schema\_instance\_generator.html},
 }
 @manual{codenomicon,
 title = {Codenomicon Labs},
 address = {http://www.codenomicon.com/labs/xml/},
 }
 @inproceedings{Bertolino:2007:ATD:1270230.1270257,
 author = {Bertolino, Antonia and Gao, Jinghua and Marchetti, Eda and Polini, Andrea},
 title = {Automatic Test Data Generation for XML Schema-based Partition Testing},
 booktitle = {Proceedings of the Second International Workshop on Automation of Software Test},
 series = {AST '07},
 year = {2007},
 isbn = {0-7695-2971-2},
 pages = {4--},
 url = {http://dx.doi.org/10.1109/AST.2007.6},
 doi = {10.1109/AST.2007.6},
 acmid = {1270257},
 publisher = {IEEE Computer Society},
 address = {Washington, DC, USA},
 } 
 @INPROCEEDINGS{1544740, 
 author={Wuzhi Xu and Offutt, J. and Juan Luo}, 
 booktitle={Software Reliability Engineering, 2005. ISSRE 2005. 16th IEEE International Symposium on}, title={Testing Web services by XML perturbation}, 
 year={2005}, 
 month={nov.}, 
 pages={10 pp. -266}, 
 keywords={Internet;Web service testing;XML messages;XML perturbation;XML schemas;XML-based communication;eXtensible Markup Language;schema perturbation operator;software testing;test generation;Internet;XML;program testing;}, 
 doi={10.1109/ISSRE.2005.44}, 
 ISSN={1071-9458},
 }
 @manual{eclipse,
 title = {Eclipse},
 address = {http://help.eclipse.org/indigo/topic/org.eclipse.wst.xmleditor.doc.user/topics/tcrexxsd.html},
 }
 
 @manual{afl,
 title = {American Fuzzy Lop},
 address = {http://lcamtuf.coredump.cx/afl/},
 }
 
@article{fraser2013whole,
  title={Whole test suite generation},
  author={Fraser, Gordon and Arcuri, Andrea},
  journal={Software Engineering, IEEE Transactions on},
  volume={39},
  number={2},
  pages={276--291},
  year={2013},
  publisher={IEEE}
}
 
 @inproceedings{Godefroid:2008:GWF:1375581.1375607,
 author = {Godefroid, Patrice and Kiezun, Adam and Levin, Michael Y.},
 title = {Grammar-based whitebox fuzzing},
 booktitle = {Proceedings of the 2008 ACM SIGPLAN conference on Programming language design and implementation},
 series = {PLDI '08},
 year = {2008},
 isbn = {978-1-59593-860-2},
 location = {Tucson, AZ, USA},
 pages = {206--215},
 numpages = {10},
 url = {http://doi.acm.org/10.1145/1375581.1375607},
 doi = {10.1145/1375581.1375607},
 acmid = {1375607},
 publisher = {ACM},
 address = {New York, NY, USA},
 keywords = {automatic test generation, grammars, program verification, software testing},
} 
@String{j-INFO-PROC-LETT        = "Information Processing Letters"}
@String{ack-nhfb = "Nelson H. F. Beebe,
                    University of Utah,
                    Department of Mathematics, 110 LCB,
                    155 S 1400 E RM 233,
                    Salt Lake City, UT 84112-0090, USA,
                    Tel: +1 801 581 5254,
                    FAX: +1 801 581 4148,
                    e-mail: \path|beebe@math.utah.edu|,
                            \path|beebe@acm.org|,
                            \path|beebe@computer.org| (Internet),
                    URL: \path|http://www.math.utah.edu/~beebe/|"}
@Article{Hennell:1976:PA,
  author =       "M. A. Hennell and M. R. Woodward and D. Hedley",
  title =        "On Program Analysis",
  journal =      j-INFO-PROC-LETT,
  fjournal =     "Information Processing Letters",
  journal-URL =  "http://www.sciencedirect.com/science/journal/00200190/",
  volume =       "5",
  number =       "5",
  pages =        "136--140",
  day =          "??",
  month =        nov,
  year =         "1976",
  CODEN =        "IFPLAT",
  ISSN =         "0020-0190 (print), 1872-6119 (electronic)",
  ISSN-L =       "0020-0190",
  bibdate =      "Tue Nov 17 10:49:43 MST 1998",
  bibsource =    "Compendex database;
                 http://www.math.utah.edu/pub/tex/bib/infoproc1970.bib",
  acknowledgement = ack-nhfb,
  classification = "723; C6110 (Systems analysis and programming);
                 C6150G (Diagnostic, testing, debugging and evaluating
                 systems)",
  corpsource =   "Computational Science Dept., Univ. of Liverpool,
                 Liverpool, UK",
  journalabr =   "Inf Process Lett",
  keywords =     "computer programming; Linear Code Sequence and Jump;
                 program analysis; program testing",
  treatment =    "P Practical",
}
@inproceedings{Havrikov:2014:XEX:2635868.2661666,
 author = {Havrikov, Nikolas and H\"{o}schele, Matthias and Galeotti, Juan Pablo and Zeller, Andreas},
 title = {XMLMate: Evolutionary XML Test Generation},
 booktitle = {Proceedings of the 22Nd ACM SIGSOFT International Symposium on Foundations of Software Engineering},
 series = {FSE 2014},
 year = {2014},
 isbn = {978-1-4503-3056-5},
 location = {Hong Kong, China},
 pages = {719--722},
 numpages = {4},
 url = {http://doi.acm.org/10.1145/2635868.2661666},
 doi = {10.1145/2635868.2661666},
 acmid = {2661666},
 publisher = {ACM},
 address = {New York, NY, USA},
 keywords = {Test generator, XML, evolutionary algorithms, search-based testing},
}
@inproceedings{godefroid-sage,
	Author = {Godefroid, Patrice and Levin, Michael Y and Molnar, David A and others},
	Date-Added = {2013-10-02 12:05:19 +0000},
	Date-Modified = {2013-10-02 12:08:37 +0000},
	Title = {Automated Whitebox Fuzz Testing.},
	booktitle = {Network Distributed Security Symposium (NDSS)},
    organization = {Internet Society},
	Year = {2008}
}
@inproceedings{gross-issta2012,
 author = {Gross, Florian and Fraser, Gordon and Zeller, Andreas},
 title = {Search-based system testing: high coverage, no false alarms},
 booktitle = {Proceedings of the 2012 International Symposium on Software Testing and Analysis},
 series = {ISSTA 2012},
 year = {2012},
 Month = jul,
 isbn = {978-1-4503-1454-1},
 location = {Minneapolis, MN, USA},
 pages = {67--77},
 numpages = {11},
 url = {http://doi.acm.org/10.1145/2338965.2336762},
 doi = {10.1145/2338965.2336762},
 acmid = {2336762},
 publisher = {ACM},
 address = {New York, NY, USA},
}
@Misc{automaton,
  author =  {Anders M\o{}ller},
  title =   {dk.brics.automaton -- Finite-State Automata
             and Regular Expressions for {Java}},
  note =    {\texttt{http://www.brics.dk/automaton/}},
  year =    2010
}
@inproceedings{holler2012,
	Acmid = {2362831},
	Address = {Berkeley, CA, USA},
	Author = {Holler, Christian and Herzig, Kim and Zeller, Andreas},
	Booktitle = {Proceedings of the 21st USENIX conference on Security symposium},
	Date-Added = {2013-10-02 12:12:05 +0000},
	Date-Modified = {2013-10-02 12:12:16 +0000},
	Location = {Bellevue, WA},
	Numpages = {1},
	Pages = {38--38},
	Publisher = {USENIX Association},
	Series = {Security'12},
	Title = {Fuzzing with code fragments},
	Url = {http://dl.acm.org/citation.cfm?id=2362793.2362831},
	Year = {2012},
	Bdsk-Url-1 = {http://dl.acm.org/citation.cfm?id=2362793.2362831}
}
@article{zeller2002simplifying,
  title={Simplifying and isolating failure-inducing input},
  author={Zeller, Andreas and Hildebrandt, Ralf},
  journal={Software Engineering, IEEE Transactions on},
  volume={28},
  number={2},
  pages={183--200},
  year={2002},
  publisher={IEEE}
}
@TechReport{scala-overview-tech-report,
  author =       {Martin Odersky and al.},
  title =        {An Overview of the Scala Programming Language},
  institution =  {EPFL Lausanne, Switzerland},
  year =         2004,
  number =       {IC/2004/64}
}
@book{Wyatt:2013:AC:2663429,
 author = {Wyatt, Derek},
 title = {Akka Concurrency},
 year = {2013},
 isbn = {0981531660, 9780981531663},
 publisher = {Artima Incorporation},
 address = {USA},
} 
@INPROCEEDINGS{Mucci99papi:a,
    author = {Philip J. Mucci and Shirley Browne and Christine Deane and George Ho},
    title = {PAPI: A Portable Interface to Hardware Performance Counters},
    booktitle = {In Proceedings of the Department of Defense HPCMP Users Group Conference},
    year = {1999},
    pages = {7--10}
}
 @manual{docker,
 title = {Docker},
 address = {https://www.docker.com/},
 }
 @manual{vagrant,
 title = {Vagrant},
 address = {https://www.vagrantup.com/},
 }